@book{software_architecture,
    title       =   "{Software Architecture Documentation in Practice: Documenting Architectural Layers}",
    author      =   "{Felix Bachmann, Len Bass, Jeromy Carriere, Paul C. Clements, David Garlan, James Ivers, Robert Nord, Reed Little}",
    url         =   "https://resources.sei.cmu.edu/library/asset-view.cfm?assetid=5019",
    publisher   =   "Software Engineering Institute",
    language    =   "English",
    year        =   "2000",
}

@book{software_architecture_patterns,
    title       =   "{Software Architecture Patterns}",
    author      =   "{Mark Richards}",
    url         =   "https://resources.sei.cmu.edu/library/asset-view.cfm?assetid=5019",
    publisher   =   "O'Reilly Media, Inc.",
    language    =   "English",
    ISBN        =   "978-1491971437",
    year        =   "2015",
}

@book{engineering_a_compiler,
    title       =   "{Engineering: A Compiler}",
    author      =   "{Keith Cooper, Linda Torczon}",
    edition     =   "2nd Edition",
    publisher   =   "Morgan Kaufmann",
    ISBN        =   "978-0120884780",
    language    =   "English",
    year        =   "2011",
}

@book{compilers,
    title       =   "{Compilers: Principles, Techniques, and Tools}",
    author      =   "{Alfred V. Aho, Monica S. Lam, Ravi Sethi, Jeffrey D. Ullman}",
    edition     =   "2nd Edition",
    publisher   =   "Greg Tobin",
    ISBN        =   "978-0321486813",
    language    =   "English",
    year        =   "2006",
}

@book{language_implementation_patterns,
    title       =   "{Language Implementation Patterns: Create Your Own Domain-Specific and General Programming Languages (Pragmatic Programmers)}",
    author      =   "{Terence Parr}",
    edition     =   "1st Edition",
    publisher   =   "Pragmatic Bookshelf",
    ISBN        =   "978-1934356456",
    language    =   "English",
    year        =   "2010",
}

@book{understanding_and_writting_compilers,
    title       =   "{Understanding and Writing Compilers: A do-it-yourself guide }",
    author      =   "{Richard Bornat}",
    edition     =   "3rd Edition",
    publisher   =   "Palgrave",
    ISBN        =   "978-0333217320",
    language    =   "English",
    year        =   "1979",
}

@book{a_jit_compiler_using_llvm,
    title       =   "{A JIT Compiler using LLVM}",
    author      =   "{Edward Barrett}",
    revision    =   "272",
    publisher   =   "Bournemouth University",
    url         =   "http://llvm.org/pubs/2009-05-21-Thesis-Barrett-3c.pdf",
    language    =   "English",
    year        =   "2009",
}

@book{compiling_dynamic_languages,
    title       =   "{Compiling Dynamic Languages}",
    author      =   "{Anders Schlichtkrull, Rasmus T. Tjalk-Bøggild}",
    publisher   =   "Technical University of Denmark",
    url         =   "http://www2.imm.dtu.dk/pubdb/views/edoc_download.php/6620/pdf/imm6620.pdf",
    language    =   "English",
    year        =   "2013",
}

@article{EBNF_grammar,
    title       =   "{EBNF: How to Describe the Grammar of a Language }",
    author      =   "{Federico Tomassetti}",
    url         =   "https://tomassetti.me/ebnf/",
    language    =   "English",
    year        =   "2017",
}

@misc{three_address_code_ir,
    title       =   "{Three-Address Code IR}",
    author      =   "{Keith Schwarz}",
    url         =   "https://web.stanford.edu/class/archive/cs/cs143/cs143.1128/lectures/13/Slides13.pdf",
    language    =   "English",
}

@article{simple_virtual_machine,
    title       =   "{Simple virtual machine}",
    author      =   "{Bartosz Sypytkowski}",
    url         =   "https://bartoszsypytkowski.com/simple-virtual-machine/",
    language    =   "English",
    year        =   "2014",
}

@article{stack_based_virtual_machine,
    title       =   "{Stack Based Virtual Machines}",
    author      =   "{Andrea Bergia}",
    url         =   "https://andreabergia.com/stack-based-virtual-machines/",
    language    =   "English",
    year        =   "2015",
}

@book{crafting_interpreters,
    title       =   "{Crafting Interpreters}",
    author      =   "{Bob Nystrom}",
    url         =   "https://craftinginterpreters.com/",
    language    =   "English",
    year        =   "2018",
}

@article{pratt_parsers,
    title       =   "{Pratt Parsers: Expression Parsing Made Easy}",
    author      =   "{Bob Nystrom}",
    url         =   "https://journal.stuffwithstuff.com/2011/03/19/pratt-parsers-expression-parsing-made-easy/",
    language    =   "English",
    year        =   "2011",
}

@article{lua_vm_instructions,
    title       =   "{A No-Frills Introduction to Lua 5.1 VM Instructions}",
    author      =   "{Kein-Hong Man, esq}",
    url         =   "http://luaforge.net/docman/83/98/ANoFrillsIntroToLua51VMInstructions.pdf",
    language    =   "English",
    year        =   "2006",
}

@article{the_implementation_of_lua,
    title       =   "{The Implementation of Lua 5.0}",
    author      =   "{Roberto Ierusalimschy, Luiz Henrique de Figueiredo, Waldemar Celes}",
    url         =   "https://www.lua.org/doc/jucs05.pdf",
    language    =   "English",
    year        =   "2005",
}

@article{closures_in_lua,
    title       =   "{Closures in Lua}",
    author      =   "{Roberto Ierusalimschy, Luiz Henrique de Figueiredo, Waldemar Celes}",
    url         =   "https://www.cs.tufts.edu/~nr/cs257/archive/roberto-ierusalimschy/closures-draft.pdf",
    language    =   "English",
    year        =   "2013",
}

@misc{scannerless_parsing,
    author      =   "{Wikipedia contributors}",
    title       =   "{Scannerless parsing --- {Wikipedia}{,} The Free Encyclopedia}",
    url         =   "https://en.wikipedia.org/w/index.php?title=Scannerless_parsing&oldid=898030040",
    publisher   =   "Wikipedia, The Free Encyclopedia.",
    language    =   "English",
    year        =   "2019",
    note        =   "[Online; accessed 1-June-2019]"
}

@article{three_address_code_examples,
    title       =   "{Three Address Code Examples}",
    author      =   "{Aggie Johnson}",
    url         =   "https://web.stanford.edu/class/archive/cs/cs143/cs143.1128/handouts/240%20TAC%20Examples.pdf",
    language    =   "English",
    year        =   "2012",
}

@article{jit_compilation,
    title       =   "{Just-in-time Compilation Techniques}",
    author      =   "{Timo Lilja}",
    url         =   "https://wiki.aalto.fi/download/attachments/40010375/intro-report.pdf",
    language    =   "English",
    year        =   "2010",
}

@article{stack_vs_register,
    title       =   "{Virtual Machine Showdown: Stack Versus Registers}",
    author      =   "{Yunhe Shi, David Gregg, Andrew Beatt}",
    url         =   "https://www.usenix.org/legacy/events/vee05/full_papers/p153-yunhe.pdf",
    language    =   "English",
    year        =   "2005",
}

@online{rust_programming_language,
    title       =   "{The Rust Programming Language}",
    author      =   "{The Rust Project}",
    url         =   "https://doc.rust-lang.org/book/",
    language    =   "English",
    note        =   "[Online; accessed 1-June-2019]"
}

@online{python_programming_language,
    title       =   "{Python 3.7.3 documentation}",
    author      =   "{Python Software Foundation}",
    url         =   "https://docs.python.org/3/",
    language    =   "English",
    note        =   "[Online; accessed 1-June-2019]"
}

@online{go_programming_language,
    title       =   "{The Go Programming Language Specification}",
    author      =   "{The Go Authors}",
    url         =   "https://golang.org/ref/spec",
    language    =   "English",
    note        =   "[Online; accessed 1-June-2019]"
}

@book{c_programming_language,
    title       =   "{C Programming Language, 2nd Edition}",
    author      =   "{Brian W. Kernighan; Dennis M. Ritchie}",
    edition     =   "2nd Edition",
    publisher   =   "Prentice Hall",
    ISBN        =   "978-0131103627",
    language    =   "English",
    year        =   "1988",
}

@online{d_programming_language,
    title       =   "{D Programming Language Specification}",
    author      =   "{D Language Foundation}",
    url         =   "https://dlang.org/spec/spec",
    language    =   "English",
    note        =   "[Online; accessed 1-June-2019]"
}

@article{dart_programming_language,
    title       =   "{Dart Programming Language Specification}",
    author      =   "{Google}",
    url         =   "https://dart.dev/guides/language/spec",
    language    =   "English",
    note        =   "[Online; accessed 1-June-2019]"
}

@book{cpp_programming_language,
    title       =   "{The C++ Programming Language}",
    author      =   "{Bjarne Stroustrup}",
    edition     =   "4th Edition",
    publisher   =   "Addison-Wesley Professional",
    ISBN        =   "978-0321563842",
    language    =   "English",
    year        =   "2013",
}

@article{python_right_way,
    title       =   "{Python Reference (The Right Way)}",
    author      =   "Jakub Przywóski",
    url         =   "https://python-reference.readthedocs.io/en/latest/",
    year        =   "2015",
    note        =   "[Online; accessed 1-June-2019]"
}
